@article{WHP1987b,
  title={BATS: A user guide},
  author={West, M and Harrison, PJ and Pole, A},
  journal={Warwick Research Report},
  pages={114},
  year={1987},
  publisher={Department of Statistics, University of Warwick}
}